
@article{Example,
    address         = {},
    archive         = {},
    author          = {},
    booktitle       = {},
    chapter         = {},
    collaboration   = {},
    edition         = {},
    editor          = {},
    eid             = {},
    eprint          = {},
    howpublished    = {},
    institution     = {},
    isbn            = {},
    issn            = {},
    journal         = {},
    key             = {},
    month           = {},
    note            = {},
    number          = {},
    numpages        = {},
    organization    = {},
    pages           = {},
    publisher       = {},
    school          = {},
    series          = {},
    title       = {},
    type        = {},
    url         = {},
    volume      = {},
    year        = {},
}

@misc{StrunkWilliam,
    author  = {Strunk Jr, William},
    title   = {The Elements of Style},
}

@misc{Mayfield,
    author  = {Perelman, Leslia C and Paradis, James and Barrett, Edward},
    title   = {The Mayfield Handbook of Technical and Scientific Writing},
    url     = {http://mhhe.com/mayfieldpub/tsw/home.htm},
    urldate = {2015-12-20},
}

@misc{DirectMeasurementVideos,
    author  = {Bohacek, Peter},
    title   = {Direct Measurement Videos},
    url     = {http://serc.carleton.edu/dmvideos/index.html},
    urldate = {2015-12-20},
}

@misc{Tracker,
    author = {Brown, Doug},
    title  = {Tracker},
    url     = {http://physlets.org/tracker/},
    urldate = {2015-12-20},
}


@misc{NOAD,
    author= {McKean, Eric},
    title = {New Oxford American Dictionary, Second Edition},
    year  = {2005},
}

@article{Simon:2010:SIGCSE,
    author  = {Simon, Beth and Kohanfars, Michael and Lee, Jeff and Tamayo, Karen and Cutts, Quintin},
    title   = {Interactive-engagement vs. traditional methods: A six-thousand-student survey of mechanics test data for introductory physics courses},
    booktitle = {Proceedings of the 41st ACM Technical Symposium on Computer Science Education},
    series  = {SIGCSE '10},
    volume  = {66},
    pages   = {341--345},
    year    = {2010},
    url     = {http://doi.acm.org/10.1145/1734263.1734381},
    doi     = {10.1145/1734263.1734381},
}

@misc{PeerInstruction,
    author  = {Mazur, Eric},
    title   = {Peer Instruction: A User's Manual},
    url     = {http://mazur.harvard.edu/education/educationmenu.php},
    urldate = {2013-12-13},
}


